<record><leader>00000cas a22000007a 4500</leader><controlfield tag="001">13080454</controlfield><controlfield tag="008">860129d19001971wiuwr ne      0    0eng d</controlfield><datafield ind1=" " ind2=" " tag="010"><subfield code="a">sn 86086083 </subfield></datafield><datafield ind1=" " ind2=" " tag="040"><subfield code="a">NPV</subfield><subfield code="b">eng</subfield><subfield code="c">NPV</subfield><subfield code="d">OCLCQ</subfield></datafield><datafield ind1=" " ind2=" " tag="042"><subfield code="a">msc</subfield></datafield><datafield ind1=" " ind2=" " tag="045"><subfield code="a">x0x7</subfield></datafield><datafield ind1=" " ind2=" " tag="052"><subfield code="a">4123</subfield><subfield code="b">R8</subfield></datafield><datafield ind1="0" ind2="0" tag="245"><subfield code="a">Bruce news=letter.</subfield></datafield><datafield ind1="1" ind2="3" tag="246"><subfield code="a">News letter</subfield></datafield><datafield ind1=" " ind2=" " tag="260"><subfield code="a">Bruce, Wis. :</subfield><subfield code="b">A.M. M'Cormack,</subfield><subfield code="c">-1971.</subfield></datafield><datafield ind1=" " ind2=" " tag="300"><subfield code="a">v. :</subfield><subfield code="b">ill.</subfield></datafield><datafield ind1=" " ind2=" " tag="310"><subfield code="a">Weekly</subfield></datafield><datafield ind1="0" ind2=" " tag="362"><subfield code="a">-v. 72, no. 1 (Oct. 28, 1971).</subfield></datafield><datafield ind1="1" ind2=" " tag="362"><subfield code="a">Began Oct., 1900.</subfield><subfield code="z">Cf. Oehlerts, d. E. Guide to Wis. newspapers.</subfield></datafield><datafield ind1=" " ind2=" " tag="500"><subfield code="a">Publisher varies.</subfield></datafield><datafield ind1=" " ind2=" " tag="500"><subfield code="a">Editors: O.G. Briggs &amp; L.A. Briggs, &lt;Oct. 27, 1905&gt;-Aug. 21, 1908; L.W. Ham, &lt;Oct. 17, 1918&gt;-June 9, 1921; M.M. Valiquette, June 16, 1921-Dec. 13, 1923.</subfield></datafield><datafield ind1=" " ind2=" " tag="525"><subfield code="a">Supplements accompany some issues.</subfield></datafield><datafield ind1=" " ind2=" " tag="530"><subfield code="a">Available on microfilm from The State Historical Society of Wisconsin.</subfield></datafield><datafield ind1=" " ind2=" " tag="588"><subfield code="a">Description based on: Vol. 6, no. 1 (Oct. 27, 1905).</subfield></datafield><datafield ind1=" " ind2=" " tag="752"><subfield code="a">United States</subfield><subfield code="b">Wisconsin</subfield><subfield code="c">Rusk</subfield><subfield code="d">Bruce.</subfield></datafield><datafield ind1="0" ind2="4" tag="785"><subfield code="t">Ladysmith news</subfield><subfield code="w">(DLC)sn 84006990</subfield></datafield><datafield ind1="1" ind2=" " tag="029"><subfield code="a">AU@</subfield><subfield code="b">000023602746</subfield></datafield></record>